<collection xmlns="http://www.loc.gov/MARC21/slim">
<record>
  <leader>00790na 0a22001691i 450 </leader>
  <controlfield tag="001">IT\ICCU\CNCE\051930</controlfield>
  <controlfield tag="005">20040826000000.0</controlfield>
  <datafield tag="100" ind1=" " ind2=" ">
    <subfield code="a">20010407             0itac0103    ba</subfield>
  </datafield>
  <datafield tag="101" ind1=" " ind2=" ">
    <subfield code="a">ITA</subfield>
  </datafield>
  <datafield tag="200" ind1="1" ind2=" ">
    <subfield code="a">℗Di Flavio Gioseffo historico, ... Le ℗guerre giudaiche diuise in sette libri. Le quali con memorabile essempio della diuina giustitia, contiene l&apos;assedio di Gierusalemme, ...</subfield>
  </datafield>
  <datafield tag="700" ind1=" " ind2="1">
    <subfield code="a">Iosephus,</subfield>
    <subfield code="b">Flavius</subfield>
    <subfield code="3">IT\ICCU\CNCA\007325</subfield>
  </datafield>
  <datafield tag="790" ind1=" " ind2="0">
    <subfield code="a">Egesippus</subfield>
    <subfield code="3">IT\ICCU\CNCA\009192</subfield>
    <subfield code="z">Iosephus, Flavius</subfield>
  </datafield>
  <datafield tag="790" ind1=" " ind2="0">
    <subfield code="a">Egesippo</subfield>
    <subfield code="3">IT\ICCU\CNCA\013957</subfield>
    <subfield code="z">Iosephus, Flavius</subfield>
  </datafield>
  <datafield tag="790" ind1=" " ind2="1">
    <subfield code="a">Giuseppe,</subfield>
    <subfield code="b">Flavio</subfield>
    <subfield code="3">IT\ICCU\CNCA\016237</subfield>
    <subfield code="z">Iosephus, Flavius</subfield>
  </datafield>
  <datafield tag="790" ind1=" " ind2="1">
    <subfield code="a">Flavius,</subfield>
    <subfield code="b">Iosephus</subfield>
    <subfield code="3">IT\ICCU\CNCA\016238</subfield>
    <subfield code="z">Iosephus, Flavius</subfield>
  </datafield>
  <datafield tag="790" ind1=" " ind2="0">
    <subfield code="a">Iosephus</subfield>
    <subfield code="3">IT\ICCU\CNCA\016247</subfield>
    <subfield code="z">Iosephus, Flavius</subfield>
  </datafield>
  <datafield tag="801" ind1=" " ind2="3">
    <subfield code="a">IT</subfield>
    <subfield code="b">ICCU</subfield>
    <subfield code="c">20201115</subfield>
  </datafield>
</record>
</collection>
